@ARTICLE {bog,
    author = "Charles P. Pfleeger, Shari Lawrence Pfleeger \& Jonathan Marguiles",
    title  = "Security in Computing Fifth Edition",
    year   = "2015"
}
@MISC {iotgrowth,
    note = "http://nordic.businessinsider.com/how-the-internet-of-things-market-will-grow-2014-10?r=US\&IR=T"
}
@MISC {smartgrid101,
    note = "https://www.smartgrid.gov/the_smart_grid/smart_grid.html"
}


